@inproceedings{Baskar2015StudyOD,
  title={Study of Different Denoising Methods for Underwater Acoustic Signal},
  author={Venkitasamy Baskar and V. Rajendran and E. Logashanmugam},
  year={2015}
}
@book{witten_1985,
  place={London},
  title={Principles of computer speech},
  publisher={Academic Press},
  author={Witten, I. H.},
  year={1985}
}
@ARTICLE{2014ASAJ,
   author = {{Shamir}, L. and {Yerby}, C. and {Simpson}, R. and {von Benda-Beckmann}, A.~M. and
        {Tyack}, P. and {Samarra}, F. and {Miller}, P. and {Wallin}, J.
        },
    title = "{Classification of large acoustic datasets using machine learning and crowdsourcing: Application to whale calls}",
  journal = {Acoustical Society of America Journal},
     year = 2014,
    month = feb,
   volume = 135,
    pages = {953-962},
      doi = {10.1121/1.4861348},
   adsurl = {http://adsabs.harvard.edu/abs/2014ASAJ..135..953S},
  adsnote = {Provided by the SAO/NASA Astrophysics Data System}
}
@misc{WHALESCORE,
  title = {Detection and Identification of Marine Mammals in Passive Acoustic Recordings from SCORE using a Visual Processing Approach Established for HARP Data},
  author = {Harris,, Elizabeth, A},
  year = {2012},
  URL = {https://calhoun.nps.edu/handle/10945/7354},
  publisher = {Calhoun}
}
@article{specsub2008,
author = {Cole, Cliston and Karam, Marc and Aglan, Heshmat},
year = {2008},
month = {04},
pages = {1146-1147},
title = {Noise Removal in Speech Processing Using Spectral Subtraction},
volume = {05},
booktitle = {Journal of Signal and Information Processing}
}